
@inproceedings{ref01,
	title={Towards a security cost model for cyber-physical systems},
	author={Ivkic, Igor and Mauthe, Andreas and Tauber, Markus},
	booktitle={2019 16th IEEE Annual Consumer Communications \& Networking Conference (CCNC)},
	pages={1--7},
	year={2019},
	organization={IEEE}
}

@article{ref02,
	title={A framework for measuring the costs of security at runtime},
	author={Ivkic, Igor and Pichler, Harald and Zsilak, Mario and Mauthe, Andreas and Tauber, Markus},
	journal={arXiv preprint arXiv:1905.11180},
	year={2019}
}

@article{ref03,
	title={A security cost modelling framework for cyber-physical systems},
	author={Ivki{\'c}, Igor and Sailer, Patrizia and Gouglidis, Antonios and Mauthe, Andreas and Tauber, Markus},
	journal={ACM Transactions on Internet Technology (TOIT)},
	volume={22},
	number={2},
	pages={1--31},
	year={2022},
	publisher={ACM New York, NY}
}
